2490 4230
143 215 201 275 192
445 227 573 272 srrrsx
593 226 635 272 or
654 228 719 270 rnn
739 228 840 272 uss.
1081 212 1136 284 [ea

182 388 242 444 The
253 386 392 459 following
403 385 528 459 mample
539 404 601 458 msy
612 403 691 442 serve
702 393 733 442 to
743 385 879 443 illustrate
892 407 970 444 some
981 389 1014 444 os
1021 389 1066 444 the
1076 390 1136 446 sore

140 474 226 549 going
236 473 383 547 principles
395 472 424 527 in
436 490 453 528 s
464 473 615 528 connected
627 473 754 528 address:
763 503 800 514 -

233 581 359 632 Indirect
374 580 530 631 Disceurse.
763 579 867 630 Direct
883 580 1042 632 Descourse.

174 697 206 750 Si
245 713 322 749 ecem
340 697 460 774 populus
478 697 625 747 Romanus
691 695 722 748 Si
763 713 840 748 acem
858 699 984 776 populus
1001 700 1137 751 &manus

141 779 204 817 cum
224 714 362 813 hlelvetiis
373 762 493 828 faceret,
514 762 542 810 in
561 777 624 812 eam
657 777 721 814 cum
773 763 884 814 elvetiis
900 764 1005 830 faciet,
1031 765 1060 815 in
1083 781 1138 816 eam

142 837 249 895 partem
262 831 349 879 ituros
364 835 445 892 atque
461 827 500 877 ibi
509 826 625 894 futuros
658 835 765 892 portem
791 829 870 879 ibunt
895 836 980 946 αἳυε
1004 831 1044 881 ibi
1067 837 1139 881 erest

142 896 294 953 Helvetios,
312 893 360 943 ubi
377 908 425 943 eos
445 892 544 944 Caesar
562 909 624 942 cen-
657 893 915 953 Helvete'13uhieos
953 910 1027 946 aesar
1036 899 1138 947 constri-

140 962 273 1012 stiiuissei
292 965 374 1024 atque
395 973 456 1009 esse
480 958 624 1008 volueses:
658 959 714 1008 erit
738 965 820 1024 atque
843 974 906 1010 esse
931 963 1072 1012 voluerii:
1100 963 1138 1011 sin

142 1027 186 1077 sin
199 1026 274 1075 bello
286 1024 412 1089 persequi
419 1027 624 1090 perseveraret,
658 1024 734 1074 bello
769 1039 819 1088 per
869 1025 898 1075 ui
940 1028 1137 1103 perseverabit,

143 1092 363 1143 rem'niscereiur
372 1094 401 1139 et
409 1089 509 1139 veteris
519 1089 626 1138 incom·
660 1039 977 1156 rense'see'scerzeiiaqurt]
998 1098 1029 1142 et
1046 1093 1138 1143 veteris

142 1156 219 1206 modi
237 1155 334 1220 populi
353 1154 485 1212 Romani,
503 1158 533 1204 et
575 1153 626 1203 ris·
660 1154 832 1206 incommodi
851 1156 952 1222 populi
971 1157 1105 1218 Romani,
1116 1163 1139 1208 ei

142 1169 626 1334 tinaevirtutisHelvetiorum.{10d
659 1220 785 1286 pristinae
806 1221 918 1272 virtutis
939 1222 1138 1275 Helvetiorum.

142 1285 297 1351 improviso
317 1300 403 1334 unum
423 1300 526 1349 pagum
545 1301 562 1335 a
581 1301 626 1335 or·
660 1285 744 1400 QJuod
760 1287 915 1351 improviso
932 1303 1023 1338 unum
1041 1304 1138 1354 pagum

143 1360 188 1402 tus
217 1357 291 1410 esset,
314 1365 378 1401 cum
406 1351 426 1399 ii
451 1351 499 1416 qui
522 1350 626 1401 flumen
660 1365 677 1400 a
696 1356 774 1401 ortus
793 1369 829 1412 es,
849 1367 915 1402 cnm
936 1353 957 1403 ii
976 1355 1026 1420 qui
1043 1354 1138 1406 flumen

142 1419 303 1469 transissent
322 1415 379 1466 suis
400 1416 536 1466 auxilium
556 1417 627 1467 serre
660 1419 832 1468 transierant
844 1417 902 1468 suis
919 1420 1059 1470 auxilium
1076 1421 1139 1471 serre

143 1498 200 1534 non
209 1487 327 1549 possent,
338 1496 372 1532 ne
383 1483 420 1532 ob
431 1496 494 1531 eam
507 1497 565 1532 rem
579 1487 628 1532 aut
660 1497 718 1531 non
735 1486 855 1548 possent.
880 1498 916 1533 ne
939 1485 978 1534 ob
1000 1499 1066 1535 eam
1088 1501 1138 1537 rem

142 1566 198 1600 suoe
208 1563 313 1613 magno
324 1563 409 1612 opere
418 1547 515 1597 virtuti
524 1548 626 1597 treine-
660 1553 709 1597 aut
738 1553 797 1601 Μ
829 1563 933 1618 magno
951 1563 1040 1616 opere
1050 1551 1138 1603 virtuti

144 1621 195 1673 ret,
209 1620 257 1664 aut
274 1615 346 1680 ipsos
362 1614 527 1677 despiceret:
547 1613 627 1662 scita
659 1613 799 1673 tribueris,
826 1620 875 1665 aut
901 1631 949 1666 nes
975 1617 1138 1683 despexeris:

144 1697 161 1731 a
185 1680 309 1745 patribus
338 1678 544 1744 majoribusque
571 1679 627 1728 seis
659 1695 706 1728 nos
718 1679 925 1744 itaapatribus
937 1681 1140 1748 majoribusque

143 1747 278 1801 didicisse,
289 1750 320 1795 ut
328 1745 419 1809 magis
428 1743 530 1794 virtute
541 1758 626 1808 quam
659 1745 760 1794 nostris
771 1744 926 1806 dedicemus,
939 1753 973 1798 ut
984 1749 1078 1813 magis
1092 1749 1139 1798 vir·

144 1812 210 1862 dolo
230 1811 426 1869 contenderent,
446 1815 496 1860 aut
515 1808 626 1859 insidiis
660 1815 719 1860 tute
740 1825 825 1875 quam
850 1811 918 1861 dolo
943 1815 1137 1873 contendamus,

143 1879 305 1929 m'terentur.
339 1875 433 1942 Qare
454 1889 489 1925 ne
505 1877 625 1925 commil-
660 1880 709 1925 aut
731 1874 843 1926 insidiis
865 1877 1000 1929 ns'tamur.
1042 1878 1138 1947 Quis,

143 1948 221 2000 terei,
233 1947 263 1992 ul
272 1943 296 1991 is
305 1942 381 1991 locus
392 1940 438 1989 ubi
448 1942 628 1991 constitissent
660 1955 695 1989 ne
706 1942 879 2001 commiseris,
892 1949 925 1992 nt
940 1944 987 1993 hic
1003 1945 1082 1996 locus
1099 1945 1139 1995 ubi

143 2023 178 2059 ex
189 2008 347 2058 calamitate
359 2005 455 2071 populi
466 2006 589 2055 Romani
598 2012 627 2057 et
658 2008 825 2058 consulimus
836 2021 870 2057 ex
879 2008 1043 2061 calamitate
1050 2009 1139 2076 populi

144 2074 335 2124 internecione
358 2071 494 2122 exercitus
522 2086 626 2122 nomen
660 2072 782 2122 Romani
794 2077 823 2124 et
834 2073 1029 2126 internecione
1046 2076 1139 2126 exerci-

143 2143 262 2205 caperet,
293 2143 340 2186 aut
373 2135 537 2187 memoriam
559 2141 626 2204 pro·
660 2138 705 2188 tes
726 2153 830 2188 nomen
847 2140 953 2206 capiat,
975 2148 1026 2192 aut
1042 2157 1138 2193 memo·

144 2203 308 2259 derce-B.
319 2201 354 2254 G.
368 2201 386 2252 i.
402 2215 441 2267 13·
660 2203 732 2254 riam
739 2205 856 2271 prodas.

383 2369 432 2434 68.
473 2372 607 2434 Wrsens
627 2390 696 2432 sen
718 2372 911 2434 conusens.

193 2515 227 2569 l.
254 2507 387 2568 Wrsnss
413 2524 463 2566 are
493 2505 650 2582 expressed
682 2506 723 2584 by
750 2506 800 2565 the
835 2504 1036 2583 subjunctive,
1069 2508 1141 2567 osten

145 2607 352 2686 strengthened
365 2606 405 2683 by
419 2603 469 2663 the
482 2602 616 2680 particles
629 2601 674 2673 ui,
689 2598 820 2673 utinam,
835 2598 858 2661 0
877 2597 905 2660 si
923 2602 1021 2682 (early
1032 2602 1141 2680 Latin),
1155 2632 1160 2645 ·

145 2701 217 2781 qui3
246 2704 296 2762 the
309 2703 437 2780 primory
457 2709 554 2759 tenses
574 2700 661 2777 being
671 2699 751 2757 need
771 2699 802 2756 in
825 2699 974 2758 reference
998 2709 1029 2759 to
1050 2701 1141 2759 future

145 2803 223 2868 lime,
238 2801 287 2858 the
300 2800 458 2876 secondary
471 2807 502 2856 to
516 2816 635 2873 express
649 2815 667 2854 a
683 2795 816 2871 hopeless
833 2796 1022 2867 wien—the
1042 2796 1142 2874 imper·

144 2899 203 2956 fect
216 2897 246 2953 in
259 2903 376 2971 present
390 2894 467 2965 time,
481 2895 530 2952 the
544 2893 703 2970 pluperfecl
715 2891 747 2950 in
759 2899 826 2969 pasl
841 2890 904 2969 (see
919 2893 934 2961 i
949 2889 997 2964 57,
1011 2893 1058 2972 4).

186 3005 399 3061 lisseium-A
417 3004 581 3076 periphrasis
599 3004 662 3059 with
680 3007 781 3068 velim.
799 3007 917 3070 vellem.
937 3004 1000 3069 ire..
1019 3004 1042 3061 is
1061 3021 1142 3061 some·

144 3077 223 3133 limes
235 3076 302 3129 used
317 3078 376 3144 (57,
388 3087 413 3141 4,
427 3076 460 3143 c).

192 3189 227 3241 2.
256 3179 439 3241 ΟΟΜΜΑΝΜ
459 3198 510 3239 are
530 3181 687 3258 expressed
705 3181 746 3260 by
764 3180 814 3239 the
833 3179 1010 3256 imperative
1024 3201 1058 3240 or
1073 3179 1142 3241 Sub-

148 3281 279 3359 junolive
296 3277 325 3356 (ὅ
344 3274 390 3349 57,
409 3293 439 3355 3,
455 3277 508 3356 7);
529 3277 769 3336 Pnomm'rrose
782 3277 885 3354 bytho
900 3275 1098 3354 Subjunceve,
1111 3294 1141 3335 or

143 3380 184 3454 by
198 3400 216 3438 o
228 3376 403 3455 periphrasis
417 3374 488 3434 wilh
505 3371 571 3433 noli
584 3394 618 3433 or
631 3387 708 3433 eave
725 3372 754 3451 (5
773 3371 820 3445 57,
843 3383 870 3452 7,
885 3371 929 3449 a).
970 3372 1037 3431 The
1050 3373 1141 3450 object

144 3478 179 3535 of
195 3477 244 3535 the
264 3473 416 3535 command
435 3473 460 3532 is
480 3472 567 3550 given
585 3471 615 3529 in
628 3491 647 3530 c
661 3469 892 3549 purpose-clause
907 3467 937 3546 (i
956 3465 1006 3540 70,
1024 3470 1058 3547 3)
1074 3469 1140 3529 wilh

143 3573 180 3632 ut
200 3593 234 3632 or
254 3585 302 3642 ne,
325 3577 430 3645 except
443 3570 517 3628 aster
532 3564 627 3644 jubeo
648 3567 706 3625 and
726 3567 797 3625 veto
815 3565 843 3643 (ὅ
857 3562 907 3636 70,
924 3564 970 3641 2).

192 3691 225 3744 8.
253 3681 411 3764 Indireclly
424 3682 540 3758 quoted,
553 3682 592 3740 all
615 3682 695 3739 these
715 3680 805 3738 forms
823 3679 858 3738 of
876 3680 980 3757 speech
1003 3681 1072 3739 telio
1092 3679 1138 3737 the

145 3779 336 3861 Snbjunctlve
352 3777 416 3859 (see
430 3778 445 3844 i
460 3775 508 3849 67,
527 3778 572 3868 3).
